<record><leader>00000cas a22000007a 4500</leader><controlfield tag="001">16734852</controlfield><controlfield tag="008">870923d18791887msuwr ne      0    0eng d</controlfield><datafield ind1=" " ind2=" " tag="010"><subfield code="a">sn 87065664 </subfield></datafield><datafield ind1=" " ind2=" " tag="040"><subfield code="a">MJA</subfield><subfield code="b">eng</subfield><subfield code="c">MJA</subfield><subfield code="d">MSJ</subfield><subfield code="d">OCLCQ</subfield></datafield><datafield ind1=" " ind2=" " tag="042"><subfield code="a">msc</subfield></datafield><datafield ind1="0" ind2=" " tag="130"><subfield code="a">Ashland register (Ashland, Miss. : 1879)</subfield></datafield><datafield ind1="1" ind2="4" tag="245"><subfield code="a">The Ashland register.</subfield></datafield><datafield ind1=" " ind2=" " tag="260"><subfield code="a">Ashland, Miss. :</subfield><subfield code="b">Kimbrough &amp; McDonald</subfield></datafield><datafield ind1=" " ind2=" " tag="310"><subfield code="a">Weekly</subfield></datafield><datafield ind1="1" ind2=" " tag="362"><subfield code="a">Began in 1879; ceased in 1887.</subfield></datafield><datafield ind1=" " ind2=" " tag="588"><subfield code="a">Description based on: Vol. 1, no. 30 (Jan. 8, 1880).</subfield></datafield><datafield ind1=" " ind2=" " tag="752"><subfield code="a">United States</subfield><subfield code="b">Mississippi</subfield><subfield code="c">Benton</subfield><subfield code="d">Ashland.</subfield></datafield><datafield ind1="0" ind2="0" tag="785"><subfield code="t">Ashland chronicle</subfield><subfield code="w">(OCoLC)17859663</subfield></datafield></record>